@Misc{AST:AST_in_C,
author = "FEGARAS, Leonidas",
title = "Building Abstract Syntax Trees in C",
howpublished = "online",
year = "Posledn√≠ revize 20. Ledna 2015",
url = {\urlmoje{https://lambda.uta.edu/cse5317/notes/node26.html}},
cited = "2017-12-04",
}